<record><leader>00000cas a22000007a 4500</leader><controlfield tag="001">11652682</controlfield><controlfield tag="008">850204d18591860wiuwr ne      0    0eng d</controlfield><datafield ind1=" " ind2=" " tag="010"><subfield code="a">sn 85040127 </subfield></datafield><datafield ind1=" " ind2=" " tag="040"><subfield code="a">NPV</subfield><subfield code="b">eng</subfield><subfield code="c">NPV</subfield><subfield code="d">OCLCQ</subfield></datafield><datafield ind1=" " ind2=" " tag="042"><subfield code="a">msc</subfield></datafield><datafield ind1=" " ind2=" " tag="043"><subfield code="a">n-us-wi</subfield></datafield><datafield ind1=" " ind2=" " tag="045"><subfield code="a">w5w6</subfield></datafield><datafield ind1=" " ind2=" " tag="052"><subfield code="a">4123</subfield><subfield code="b">S6</subfield></datafield><datafield ind1="0" ind2="4" tag="082"><subfield code="a">071</subfield></datafield><datafield ind1="0" ind2="0" tag="245"><subfield code="a">Lake shore advocate.</subfield></datafield><datafield ind1=" " ind2=" " tag="260"><subfield code="a">Sheboygan, Wis. :</subfield><subfield code="b">C. Zillier,</subfield><subfield code="c">1859-</subfield></datafield><datafield ind1=" " ind2=" " tag="300"><subfield code="a">v.</subfield></datafield><datafield ind1=" " ind2=" " tag="310"><subfield code="a">Weekly</subfield></datafield><datafield ind1="0" ind2=" " tag="362"><subfield code="a">Vol. 1, no. 1 (Mar. 23, 1859)-</subfield></datafield><datafield ind1="1" ind2=" " tag="362"><subfield code="a">Ceased in Feb., 1860.</subfield><subfield code="z">Cf. Oehlerts, d. Guide to Wis. newspapers.</subfield></datafield><datafield ind1=" " ind2=" " tag="500"><subfield code="a">Publisher varies.</subfield></datafield><datafield ind1=" " ind2=" " tag="500"><subfield code="a">Editors: C. Zillier &amp; H.S. Ehrman, Aug. 31, 1859-Sept. 12, 1859.</subfield></datafield><datafield ind1=" " ind2=" " tag="530"><subfield code="a">Available on microfilm from The State Historical Society of Wisconsin.</subfield></datafield><datafield ind1=" " ind2=" " tag="752"><subfield code="a">United State</subfield><subfield code="b">Wisconsin</subfield><subfield code="c">Sheboygan</subfield><subfield code="d">Sheboygan.</subfield></datafield><datafield ind1="1" ind2=" " tag="029"><subfield code="a">AU@</subfield><subfield code="b">000025797057</subfield></datafield></record>